<record><leader>00000cas a22000007a 4500</leader><controlfield tag="001">13474824</controlfield><controlfield tag="008">860422d18361839wvuir ne      0    0eng d</controlfield><datafield ind1=" " ind2=" " tag="010"><subfield code="a">sn 86092491 </subfield></datafield><datafield ind1=" " ind2=" " tag="040"><subfield code="a">WVC</subfield><subfield code="b">eng</subfield><subfield code="c">WVC</subfield><subfield code="d">DLC</subfield><subfield code="d">OCL</subfield><subfield code="d">OCLCQ</subfield><subfield code="d">NVK</subfield><subfield code="d">OCLCQ</subfield><subfield code="d">OCLCF</subfield><subfield code="d">OCLCO</subfield></datafield><datafield ind1="1" ind2=" " tag="029"><subfield code="a">AU@</subfield><subfield code="b">000023602862</subfield></datafield><datafield ind1=" " ind2=" " tag="042"><subfield code="a">msc</subfield></datafield><datafield ind1=" " ind2=" " tag="043"><subfield code="a">n-us-wv</subfield></datafield><datafield ind1="0" ind2="0" tag="245"><subfield code="a">Wheeling tri-weekly times &amp; advertiser.</subfield></datafield><datafield ind1="1" ind2="7" tag="246"><subfield code="a">Times &amp; advertiser</subfield></datafield><datafield ind1=" " ind2=" " tag="260"><subfield code="a">Wheeling, Va. [W. Va.] :</subfield><subfield code="b">E.W. Newton &amp; Co.,</subfield><subfield code="c">-1839.</subfield></datafield><datafield ind1=" " ind2=" " tag="300"><subfield code="a">v.</subfield></datafield><datafield ind1=" " ind2=" " tag="310"><subfield code="a">Triweekly</subfield></datafield><datafield ind1="1" ind2=" " tag="362"><subfield code="a">Began in 1836.</subfield><subfield code="z">Cf. Norona and Shetler. W. Va. Imprints.</subfield></datafield><datafield ind1="0" ind2=" " tag="362"><subfield code="a">-v. 6, no. 49 (Apr. 23, 1839).</subfield></datafield><datafield ind1=" " ind2=" " tag="500"><subfield code="a">James E. Wharton became co-publisher on Sept. 27, 1836.</subfield></datafield><datafield ind1=" " ind2=" " tag="500"><subfield code="a">Editors: E.W. Newton &amp; James E. Wharton.</subfield></datafield><datafield ind1=" " ind2=" " tag="588"><subfield code="a">Description based on: Vol. 3, no. 120 (Sept. 27, 1836).</subfield></datafield><datafield ind1=" " ind2="0" tag="651"><subfield code="a">Wheeling (W. Va.)</subfield><subfield code="v">Newspapers.</subfield></datafield><datafield ind1=" " ind2="7" tag="655"><subfield code="a">Newspapers.</subfield><subfield code="2">fast</subfield><subfield code="0">(OCoLC)fst01423814</subfield></datafield><datafield ind1=" " ind2="7" tag="651"><subfield code="a">West Virginia</subfield><subfield code="z">Wheeling.</subfield><subfield code="2">fast</subfield><subfield code="0">(OCoLC)fst01213675</subfield></datafield><datafield ind1=" " ind2=" " tag="752"><subfield code="a">United States</subfield><subfield code="b">West Virginia</subfield><subfield code="c">Ohio</subfield><subfield code="d">Wheeling.</subfield></datafield><datafield ind1="0" ind2=" " tag="775"><subfield code="t">Western Virginia times</subfield><subfield code="w">(DLC)sn 86092489</subfield></datafield><datafield ind1="0" ind2="0" tag="780"><subfield code="t">Wheeling tri-weekly times</subfield><subfield code="w">(DLC)sn 86092490</subfield></datafield><datafield ind1="0" ind2="0" tag="785"><subfield code="t">Wheeling times and advertiser</subfield><subfield code="w">(DLC)sn 84038585</subfield></datafield></record>